1892 3226
142 694 505 736 ORDINATIONEM
536 693 780 749 plantarum
811 693 1052 735 naturalem
1083 693 1243 735 dictam
1279 708 1438 751 magna
1468 701 1588 752 parte
1618 697 1720 738 arti-

55 763 243 804 ficiosam
266 778 353 804 esse
374 763 570 804 omnibus
591 762 861 803 notissimum
883 769 959 804 est.

143 831 309 872 Classes
340 830 535 886 equidem
568 830 760 885 primarii
794 830 1106 872 characteribus
1142 830 1442 887 physiologicis
1476 832 1586 884 freti,
1624 847 1721 874 vere

55 899 271 940 naturales
292 898 480 940 evadunt
494 898 697 953 basesque
719 898 1007 940 immutabiles
1025 899 1261 955 systematis
1282 900 1557 941 constituunt.
1593 900 1722 942 Ordi-

56 981 130 1008 nes
171 968 315 1017 etiam,
363 967 598 1022 specierum
640 974 861 1008 structurae
901 968 1180 1023 congruentia
1227 967 1489 1009 strictissime
1532 968 1720 1020 limitati,

57 1036 245 1076 maxima
266 1050 341 1091 pro
363 1043 482 1091 parte
505 1034 719 1076 naturales
741 1042 853 1085 sunt,
876 1049 954 1076 nec
975 1050 1124 1076 ansam
1145 1035 1335 1091 praebent
1354 1037 1532 1079 censori.

144 1103 225 1144 Sed
248 1119 394 1145 omnes
415 1103 586 1158 reliquae
608 1102 926 1153 subdivisiones,
951 1118 1045 1159 quae
1068 1102 1257 1144 medium
1278 1109 1423 1146 tenent
1443 1105 1553 1146 inter
1573 1105 1725 1148 classes

57 1179 99 1212 et
126 1171 306 1221 ordines,
337 1172 402 1212 his
433 1171 680 1227 superiores,
714 1170 797 1211 illis
831 1171 1062 1221 inferiores,
1100 1171 1274 1212 omnino
1306 1172 1416 1213 veris
1448 1172 1724 1216 affinitatibus

57 1247 325 1296 repugnant3
367 1254 524 1296 genera
564 1239 757 1294 proxima
798 1239 1043 1295 sejungunt,
1085 1246 1127 1280 et
1167 1238 1451 1282 diversissima
1491 1242 1535 1282 in
1575 1242 1725 1285 eadem

56 1309 212 1350 vicinia
242 1308 354 1349 male
384 1307 607 1349 collocant.

146 1376 236 1417 Nec
257 1383 355 1417 sunt
375 1376 593 1418 sententiae
621 1375 925 1417 Botanicorum
952 1376 1090 1432 magis
1116 1377 1228 1418 inter
1256 1391 1298 1418 se
1327 1378 1563 1421 conformes
1583 1381 1725 1437 quoad

58 1445 259 1487 classium
300 1444 619 1485 subdivisiones.
693 1444 842 1485 Altera
876 1451 996 1499 parte
1031 1444 1196 1487 Jussiaei
1237 1446 1442 1488 habemus
1474 1449 1726 1491 methodum

59 1515 341 1570 antiquiorem
368 1512 740 1568 simplicissimam,
771 1512 987 1554 Candollii
1017 1514 1287 1565 mutationes,
1316 1522 1591 1572 nostramque
1623 1533 1727 1560 ana-

56 1583 246 1640 lyticam,
279 1597 373 1637 quae
403 1595 549 1622 omnes
570 1596 620 1622 ex
642 1581 826 1636 professo
853 1580 1096 1622 artificiales
1124 1588 1247 1633 sunt3
1281 1582 1335 1623 ab
1362 1583 1497 1625 altera
1517 1586 1727 1642 Agardhii

59 1667 188 1708 opera
203 1651 544 1693 aestumatissima
565 1649 893 1704 Bal-tlingiique,
912 1649 985 1704 qui
1001 1650 1114 1690 viam
1137 1650 1189 1691 ad
1207 1650 1402 1692 meliores
1418 1667 1483 1694 res
1504 1668 1726 1710 aperuere3

58 1735 224 1762 necnon
243 1718 577 1761 Reichenbachii
597 1725 869 1772 conspectum
887 1716 1175 1773 Schultziique
1195 1718 1521 1772 ordinationem,
1544 1737 1726 1778 quorum

59 1789 136 1830 iste
170 1789 349 1844 pessime
390 1788 459 1829 hic
492 1786 644 1828 melius
685 1785 912 1827 affinitates
950 1800 1073 1827 veras
1112 1785 1358 1842 plantarum
1396 1791 1637 1846 perspexit;
1681 1799 1730 1834 ut

61 1864 224 1899 taceam
253 1856 305 1898 de
335 1856 442 1899 aliis.
1624 1866 1626 1869 '

149 1925 213 1967 Re
253 1926 312 1966 ita
353 1939 395 1966 se
435 1924 596 1974 habita,
635 1923 796 1979 talique
838 1923 1063 1965 Botanices
1104 1924 1394 1980 Systematicae
1432 1933 1559 1979 statu,
1602 1927 1729 1985 longe

59 1994 233 2051 majoris
259 1993 427 2035 videtur
450 1993 655 2034 momenti
686 1999 868 2048 systema
891 1993 1086 2034 naturale
1110 1993 1326 2049 perficere,
1351 1993 1578 2037 divisiones
1602 1996 1730 2039 inter-

61 2062 223 2104 medias
254 2077 348 2118 quae
383 2060 499 2103 haud
532 2061 674 2102 minus
706 2061 922 2103 naturales
953 2062 1063 2103 erint
1092 2077 1222 2118 quam
1254 2063 1468 2118 primariae
1495 2071 1537 2106 et
1566 2064 1730 2107 ultimae

60 2130 335 2181 instituendo,
368 2145 497 2186 quam
530 2143 661 2171 novos
696 2129 862 2170 ordines
903 2145 1154 2186 proponere,
1197 2130 1250 2172 de
1285 2146 1468 2187 quorum
1504 2132 1728 2188 dignitate,

61 2206 286 2256 systemate
322 2199 412 2254 ipso
448 2198 708 2254 imperfecto,
750 2198 820 2239 vix
849 2198 1134 2254 judicandum
1171 2206 1247 2241 est.
1318 2201 1384 2241 De
1423 2200 1491 2241 die
1531 2201 1575 2242 in
1615 2201 1730 2243 diem

61 2282 265 2309 numerus
285 2267 481 2308 ordinum
504 2266 610 2308 adeo
631 2273 827 2322 augetur,
848 2274 897 2308 ut
917 2282 1075 2309 novum
1096 2268 1224 2310 chaos
1244 2268 1452 2310 oriturum
1475 2269 1546 2310 vix
1566 2268 1728 2320 dubito,

61 2335 96 2376 si
116 2335 284 2392 longius
304 2336 436 2377 aciem
457 2334 678 2391 disponere
699 2342 962 2377 cunctemur.

151 2403 248 2445 Non
270 2403 342 2445 ille
363 2418 456 2445 sum
485 2404 671 2460 profecto
698 2403 770 2459 qui
798 2403 883 2445 tale
910 2403 1097 2445 officium
1126 2403 1308 2445 libenter
1337 2405 1593 2461 susciperem
1608 2422 1618 2457 3
1653 2422 1731 2449 nec

62 2473 97 2514 si
117 2473 212 2528 quis
233 2480 339 2514 esset
360 2473 468 2513 inter
489 2472 584 2513 illos
604 2472 789 2513 scientiae
810 2472 1034 2528 magistros
1054 2473 1127 2528 qui
1150 2473 1303 2514 nostris
1328 2472 1476 2514 diebus
1497 2481 1616 2516 tanta
1636 2475 1731 2516 luce

63 2540 314 2590 inclaruere,
346 2541 419 2596 qui
448 2539 594 2581 sedulo
625 2540 819 2581 animum
847 2540 891 2580 in
919 2540 1000 2581 hoc
1020 2540 1208 2582 studium
1228 2541 1516 2592 convertisset,
1538 2558 1730 2598 unquam

63 2609 335 2664 suscepissem
354 2625 363 2659 ;
397 2609 512 2650 fama
533 2609 646 2650 enim
667 2609 739 2650 vix
761 2608 970 2664 speranda
990 2616 1066 2659 est,
1089 2609 1343 2665 vituperatio
1365 2609 1503 2664 potius
1524 2611 1729 2660 timenda,

63 2678 109 2718 in
145 2678 311 2734 incepto
346 2691 430 2733 quo
464 2684 526 2719 tot
561 2677 752 2733 tantique
788 2677 868 2718 viri
898 2677 989 2733 jam
1027 2677 1297 2719 succubuere.
1376 2677 1458 2719 Sed
1493 2678 1731 2734 periculum

63 2746 274 2796 imminet,
291 2752 380 2787 tota
399 2745 573 2786 scientia
593 2746 705 2787 mole
725 2745 811 2787 ruit
831 2760 906 2786 sua
922 2761 932 2796 ;
956 2760 1035 2786 nec
1056 2745 1180 2786 video
1201 2745 1334 2786 ullam
1357 2744 1487 2787 aliam
1508 2761 1595 2787 esse
1613 2761 1730 2802 spem

64 2813 226 2864 salutis,
243 2828 372 2868 quam
391 2828 537 2855 omnes
553 2822 693 2870 partes
709 2814 944 2871 systematis
965 2813 1212 2855 artificiosas
1226 2813 1469 2869 rejiciendo,
1492 2829 1733 2869 novamque

64 2880 264 2922 ordinum
294 2880 632 2923 distributionem
655 2897 752 2923 vere
782 2881 1023 2923 naturalem
1055 2880 1360 2923 substituendo.
1424 2880 1467 2922 Si
1496 2881 1666 2922 nullum
1687 2882 1731 2923 in

65 2955 248 3004 systema
283 2949 476 2991 naturale
520 2950 826 3005 perficiendum
863 2964 1069 2991 conamen
1112 2949 1330 3004 hucusque
1365 2949 1541 3002 feliciter
1577 2950 1731 3001 evenit,
