<?xml version="1.0" encoding="UTF-8"?>
<!DOCTYPE html PUBLIC "-//W3C//DTD XHTML 1.0 Transitional//EN"
    "http://www.w3.org/TR/xhtml1/DTD/xhtml1-transitional.dtd">
<html xmlns="http://www.w3.org/1999/xhtml" xml:lang="en" lang="en">
 <head>
  <title>
</title>
<meta http-equiv="Content-Type" content="text/html;charset=utf-8" />
  <meta name='ocr-system' content='tesseract 3.04.00' />
  <meta name='ocr-capabilities' content='ocr_page ocr_carea ocr_par ocr_line ocrx_word'/>
</head>
<body>
  <div class='ocr_page' id='page_1' title='image "./nixusplantarum00lind_0008.png"; bbox 0 0 1892 3226; ppageno 0'>
   <div class='ocr_carea' id='block_1_1' title="bbox 933 119 972 159">
    <p class='ocr_par' dir='ltr' id='par_1_1' title="bbox 933 119 972 159">
     <span class='ocr_line' id='line_1_1' title="bbox 933 119 972 159; baseline 0 0"><span class='ocrx_word' id='word_1_1' title='bbox 933 119 972 159; x_wconf 83' lang='lat' dir='ltr'>iv</span> 
     </span>
    </p>
   </div>
   <div class='ocr_carea' id='block_1_2' title="bbox 126 249 1827 2975">
    <p class='ocr_par' dir='ltr' id='par_1_2' title="bbox 126 249 1802 646">
     <span class='ocr_line' id='line_1_2' title="bbox 128 249 1800 314; baseline -0.006 -14"><span class='ocrx_word' id='word_1_2' title='bbox 128 271 376 314; x_wconf 84' lang='lat' dir='ltr'>persuasum</span> <span class='ocrx_word' id='word_1_3' title='bbox 397 257 501 298; x_wconf 89' lang='lat' dir='ltr'>mihi</span> <span class='ocrx_word' id='word_1_4' title='bbox 525 255 659 296; x_wconf 84' lang='lat' dir='ltr'>habeo</span> <span class='ocrx_word' id='word_1_5' title='bbox 688 256 730 295; x_wconf 87' lang='lat' dir='ltr'>in</span> <span class='ocrx_word' id='word_1_6' title='bbox 759 269 806 295; x_wconf 87' lang='grc'>00</span> <span class='ocrx_word' id='word_1_7' title='bbox 835 260 911 305; x_wconf 89' lang='lat' dir='ltr'>est,</span> <span class='ocrx_word' id='word_1_8' title='bbox 940 252 1053 308; x_wconf 84' lang='lat' dir='ltr'>quod</span> <span class='ocrx_word' id='word_1_9' title='bbox 1078 253 1228 308; x_wconf 78' lang='lat' dir='ltr'>saepius</span> <span class='ocrx_word' id='word_1_10' title='bbox 1249 251 1462 307; x_wconf 83' lang='lat' dir='ltr'>proposita</span> <span class='ocrx_word' id='word_1_11' title='bbox 1482 249 1679 305; x_wconf 83' lang='lat' dir='ltr'>quaedam</span> <span class='ocrx_word' id='word_1_12' title='bbox 1701 249 1726 291; x_wconf 91' lang='lat' dir='ltr'><strong>J</strong></span> <span class='ocrx_word' id='word_1_13' title='bbox 1734 263 1800 291; x_wconf 86' lang='lat' dir='ltr'>us-</span> 
     </span>
     <span class='ocr_line' id='line_1_3' title="bbox 130 319 1800 378; baseline -0.006 -11"><span class='ocrx_word' id='word_1_14' title='bbox 130 328 287 368; x_wconf 78' lang='lat' dir='ltr'>siaeana</span> <span class='ocrx_word' id='word_1_15' title='bbox 323 325 374 367; x_wconf 88' lang='lat' dir='ltr'>dc</span> <span class='ocrx_word' id='word_1_16' title='bbox 416 325 710 366; x_wconf 79' lang='lat' dir='ltr'>characterum</span> <span class='ocrx_word' id='word_1_17' title='bbox 744 323 886 363; x_wconf 84' lang='lat' dir='ltr'>valore</span> <span class='ocrx_word' id='word_1_18' title='bbox 921 336 998 378; x_wconf 90' lang='lat' dir='ltr'>pro</span> <span class='ocrx_word' id='word_1_19' title='bbox 1033 320 1275 362; x_wconf 81' lang='lat' dir='ltr'>certissimis</span> <span class='ocrx_word' id='word_1_20' title='bbox 1309 319 1455 360; x_wconf 86' lang='lat' dir='ltr'>habita</span> <span class='ocrx_word' id='word_1_21' title='bbox 1485 319 1671 368; x_wconf 89' lang='lat' dir='ltr'>fuerunt,</span> <span class='ocrx_word' id='word_1_22' title='bbox 1704 332 1800 373; x_wconf 82' lang='lat' dir='ltr'>quae</span> 
     </span>
     <span class='ocr_line' id='line_1_4' title="bbox 130 387 1802 442; baseline -0.005 -7"><span class='ocrx_word' id='word_1_23' title='bbox 130 394 408 434; x_wconf 85' lang='lat' dir='ltr'>nihilominus</span> <span class='ocrx_word' id='word_1_24' title='bbox 439 393 548 434; x_wconf 88' lang='lat' dir='ltr'>inter</span> <span class='ocrx_word' id='word_1_25' title='bbox 578 391 850 432; x_wconf 80' lang='lat' dir='ltr'>fallacissima</span> <span class='ocrx_word' id='word_1_26' title='bbox 880 389 1079 431; x_wconf 85' lang='lat' dir='ltr'>habenda</span> <span class='ocrx_word' id='word_1_27' title='bbox 1109 395 1220 429; x_wconf 87' lang='lat' dir='ltr'>sunt.</span> <span class='ocrx_word' id='word_1_28' title='bbox 1281 387 1400 428; x_wconf 85' lang='lat' dir='ltr'>Talia</span> <span class='ocrx_word' id='word_1_29' title='bbox 1431 387 1665 442; x_wconf 75' lang='lat' dir='ltr'>praesertim</span> <span class='ocrx_word' id='word_1_30' title='bbox 1702 390 1802 426; x_wconf 87' lang='lat' dir='ltr'>sunt</span> 
     </span>
     <span class='ocr_line' id='line_1_5' title="bbox 126 455 1801 518; baseline -0.005 -16"><span class='ocrx_word' id='word_1_31' title='bbox 126 463 387 518; x_wconf 64' lang='lat' dir='ltr'>perigsynese&#39;s</span> <span class='ocrx_word' id='word_1_32' title='bbox 411 470 452 502; x_wconf 91' lang='lat' dir='ltr'>et</span> <span class='ocrx_word' id='word_1_33' title='bbox 479 461 777 515; x_wconf 48' lang='lat' dir='ltr'>hysstossslltv-w&#39;s·‚·</span> <span class='ocrx_word' id='word_1_34' title='bbox 810 459 1073 499; x_wconf 76' lang='lat' dir='ltr'>characteres</span> <span class='ocrx_word' id='word_1_35' title='bbox 1101 455 1297 510; x_wconf 79' lang='lat' dir='ltr'>equidem</span> <span class='ocrx_word' id='word_1_36' title='bbox 1327 455 1465 503; x_wconf 85' lang='lat' dir='ltr'>utiles,</span> <span class='ocrx_word' id='word_1_37' title='bbox 1499 463 1539 495; x_wconf 90' lang='lat' dir='ltr'>et</span> <span class='ocrx_word' id='word_1_38' title='bbox 1570 469 1645 509; x_wconf 85' lang='lat' dir='ltr'>pro</span> <span class='ocrx_word' id='word_1_39' title='bbox 1675 468 1801 509; x_wconf 79' lang='lat' dir='ltr'>gene-</span> 
     </span>
     <span class='ocr_line' id='line_1_6' title="bbox 134 523 1802 579; baseline -0.006 -8"><span class='ocrx_word' id='word_1_40' title='bbox 134 530 250 570; x_wconf 82' lang='lat' dir='ltr'>ribus</span> <span class='ocrx_word' id='word_1_41' title='bbox 287 530 353 570; x_wconf 84' lang='lat' dir='ltr'>vel</span> <span class='ocrx_word' id='word_1_42' title='bbox 393 530 522 570; x_wconf 84' lang='lat' dir='ltr'>etiam</span> <span class='ocrx_word' id='word_1_43' title='bbox 563 529 778 569; x_wconf 77' lang='lat' dir='ltr'>ordinibus</span> <span class='ocrx_word' id='word_1_44' title='bbox 815 525 1075 568; x_wconf 82' lang='lat' dir='ltr'>stabiliendis</span> <span class='ocrx_word' id='word_1_45' title='bbox 1114 539 1277 579; x_wconf 72' lang='lat' dir='ltr'>graves,</span> <span class='ocrx_word' id='word_1_46' title='bbox 1321 523 1392 564; x_wconf 91' lang='lat' dir='ltr'>sed</span> <span class='ocrx_word' id='word_1_47' title='bbox 1434 524 1504 563; x_wconf 86' lang='lat' dir='ltr'>vix</span> <span class='ocrx_word' id='word_1_48' title='bbox 1546 523 1802 563; x_wconf 84' lang='lat' dir='ltr'>affinitatum</span> 
     </span>
     <span class='ocr_line' id='line_1_7' title="bbox 135 590 1802 646; baseline -0.005 -7"><span class='ocrx_word' id='word_1_49' title='bbox 135 598 387 639; x_wconf 88' lang='lat' dir='ltr'>ulteriorum</span> <span class='ocrx_word' id='word_1_50' title='bbox 410 597 579 646; x_wconf 87' lang='lat' dir='ltr'>indicia,</span> <span class='ocrx_word' id='word_1_51' title='bbox 603 611 680 637; x_wconf 87' lang='lat' dir='ltr'>nce</span> <span class='ocrx_word' id='word_1_52' title='bbox 700 596 780 636; x_wconf 90' lang='lat' dir='ltr'>nisi</span> <span class='ocrx_word' id='word_1_53' title='bbox 802 596 1012 636; x_wconf 83' lang='lat' dir='ltr'>rarissime</span> <span class='ocrx_word' id='word_1_54' title='bbox 1030 593 1083 634; x_wconf 85' lang='lat' dir='ltr'>ad</span> <span class='ocrx_word' id='word_1_55' title='bbox 1100 592 1405 633; x_wconf 84' lang='lat' dir='ltr'>subdivisiones</span> <span class='ocrx_word' id='word_1_56' title='bbox 1426 591 1623 632; x_wconf 87' lang='lat' dir='ltr'>classium</span> <span class='ocrx_word' id='word_1_57' title='bbox 1647 590 1802 631; x_wconf 90' lang='lat' dir='ltr'>idonei.</span> 
     </span>
    </p>

    <p class='ocr_par' dir='ltr' id='par_1_3' title="bbox 137 659 1810 1200">
     <span class='ocr_line' id='line_1_8' title="bbox 226 659 1806 719; baseline -0.005 -13"><span class='ocrx_word' id='word_1_58' title='bbox 226 666 503 707; x_wconf 79' lang='lat' dir='ltr'>Characteres</span> <span class='ocrx_word' id='word_1_59' title='bbox 534 663 794 719; x_wconf 86' lang='lat' dir='ltr'>hujusmodi,</span> <span class='ocrx_word' id='word_1_60' title='bbox 823 663 982 704; x_wconf 89' lang='lat' dir='ltr'>scilicet</span> <span class='ocrx_word' id='word_1_61' title='bbox 1011 660 1294 716; x_wconf 82' lang='lat' dir='ltr'>hypogynesis</span> <span class='ocrx_word' id='word_1_62' title='bbox 1325 666 1366 700; x_wconf 89' lang='lat' dir='ltr'>et</span> <span class='ocrx_word' id='word_1_63' title='bbox 1396 660 1670 715; x_wconf 58' lang='lat' dir='ltr'>perigyl&#39;iesis,</span> <span class='ocrx_word' id='word_1_64' title='bbox 1696 659 1806 699; x_wconf 88' lang='lat' dir='ltr'>inter</span> 
     </span>
     <span class='ocr_line' id='line_1_9' title="bbox 137 727 1808 783; baseline -0.004 -9"><span class='ocrx_word' id='word_1_65' title='bbox 137 733 393 776; x_wconf 72' lang='lat' dir='ltr'>Jussiaeanos</span> <span class='ocrx_word' id='word_1_66' title='bbox 419 731 775 780; x_wconf 80' lang='lat' dir='ltr'>fundamentales,</span> <span class='ocrx_word' id='word_1_67' title='bbox 804 746 898 772; x_wconf 92' lang='lat' dir='ltr'>meo</span> <span class='ocrx_word' id='word_1_68' title='bbox 919 745 1041 771; x_wconf 88' lang='lat' dir='ltr'>sensu</span> <span class='ocrx_word' id='word_1_69' title='bbox 1066 737 1164 770; x_wconf 88' lang='lat' dir='ltr'>sunt</span> <span class='ocrx_word' id='word_1_70' title='bbox 1185 743 1312 783; x_wconf 86' lang='lat' dir='ltr'>quam</span> <span class='ocrx_word' id='word_1_71' title='bbox 1347 727 1534 768; x_wconf 82' lang='lat' dir='ltr'>maxime</span> <span class='ocrx_word' id='word_1_72' title='bbox 1561 727 1728 776; x_wconf 86' lang='lat' dir='ltr'>lubrici,</span> <span class='ocrx_word' id='word_1_73' title='bbox 1758 733 1808 768; x_wconf 85' lang='lat' dir='ltr'>ut</span> 
     </span>
     <span class='ocr_line' id='line_1_10' title="bbox 138 795 1806 855; baseline -0.005 -13"><span class='ocrx_word' id='word_1_74' title='bbox 138 816 225 843; x_wconf 89' lang='lat' dir='ltr'>non</span> <span class='ocrx_word' id='word_1_75' title='bbox 246 800 385 842; x_wconf 86' lang='lat' dir='ltr'>dicam</span> <span class='ocrx_word' id='word_1_76' title='bbox 402 800 549 841; x_wconf 88' lang='lat' dir='ltr'>dolosi.</span> <span class='ocrx_word' id='word_1_77' title='bbox 609 800 667 840; x_wconf 89' lang='lat' dir='ltr'>E.</span> <span class='ocrx_word' id='word_1_78' title='bbox 687 816 729 855; x_wconf 67' lang='lat'>9.</span> <span class='ocrx_word' id='word_1_79' title='bbox 756 799 962 839; x_wconf 86' lang='lat' dir='ltr'>Mimosas</span> <span class='ocrx_word' id='word_1_80' title='bbox 982 798 1187 838; x_wconf 85' lang='lat' dir='ltr'>habemus</span> <span class='ocrx_word' id='word_1_81' title='bbox 1208 797 1458 853; x_wconf 78' lang='lat' dir='ltr'>hypogynas</span> <span class='ocrx_word' id='word_1_82' title='bbox 1477 796 1586 835; x_wconf 90' lang='lat' dir='ltr'>inter</span> <span class='ocrx_word' id='word_1_83' title='bbox 1609 795 1806 850; x_wconf 87' lang='lat' dir='ltr'>Legumi-</span> 
     </span>
     <span class='ocr_line' id='line_1_11' title="bbox 138 864 1805 924; baseline -0.004 -14"><span class='ocrx_word' id='word_1_84' title='bbox 138 884 262 911; x_wconf 87' lang='lat' dir='ltr'>nosas</span> <span class='ocrx_word' id='word_1_85' title='bbox 283 869 434 924; x_wconf 82' lang='lat' dir='ltr'>saepius</span> <span class='ocrx_word' id='word_1_86' title='bbox 454 868 693 924; x_wconf 86' lang='lat' dir='ltr'>perigynas,</span> <span class='ocrx_word' id='word_1_87' title='bbox 717 874 778 908; x_wconf 87' lang='lat' dir='ltr'>tot</span> <span class='ocrx_word' id='word_1_88' title='bbox 799 866 1142 922; x_wconf 79' lang='lat' dir='ltr'>Saxifragearum</span> <span class='ocrx_word' id='word_1_89' title='bbox 1165 866 1414 922; x_wconf 88' lang='lat' dir='ltr'>hypogynas</span> <span class='ocrx_word' id='word_1_90' title='bbox 1441 871 1544 919; x_wconf 91' lang='lat' dir='ltr'>quot</span> <span class='ocrx_word' id='word_1_91' title='bbox 1564 864 1805 919; x_wconf 60' lang='lat' dir='ltr'>pefigynas,</span> 
     </span>
     <span class='ocr_line' id='line_1_12' title="bbox 141 932 1808 994; baseline -0.003 -16"><span class='ocrx_word' id='word_1_92' title='bbox 141 936 552 994; x_wconf 86' lang='lat' dir='ltr'>Caryophyllearum</span> <span class='ocrx_word' id='word_1_93' title='bbox 576 951 710 992; x_wconf 79' lang='lat' dir='ltr'>genus</span> <span class='ocrx_word' id='word_1_94' title='bbox 744 936 974 976; x_wconf 87' lang='lat' dir='ltr'>Larbream</span> <span class='ocrx_word' id='word_1_95' title='bbox 1004 936 1255 990; x_wconf 80' lang='lat' dir='ltr'>perigynam</span> <span class='ocrx_word' id='word_1_96' title='bbox 1287 933 1428 974; x_wconf 86' lang='lat' dir='ltr'>medio</span> <span class='ocrx_word' id='word_1_97' title='bbox 1458 932 1593 973; x_wconf 81' lang='lat' dir='ltr'>turbae</span> <span class='ocrx_word' id='word_1_98' title='bbox 1618 933 1808 988; x_wconf 82' lang='lat' dir='ltr'>hypogy-</span> 
     </span>
     <span class='ocr_line' id='line_1_13' title="bbox 141 999 1810 1060; baseline -0.004 -14"><span class='ocrx_word' id='word_1_99' title='bbox 141 1020 310 1055; x_wconf 88' lang='lat' dir='ltr'>narum,</span> <span class='ocrx_word' id='word_1_100' title='bbox 340 1004 609 1060; x_wconf 85' lang='lat' dir='ltr'>plurimaque</span> <span class='ocrx_word' id='word_1_101' title='bbox 630 1004 715 1044; x_wconf 83' lang='lat' dir='ltr'>alia</span> <span class='ocrx_word' id='word_1_102' title='bbox 735 1004 888 1059; x_wconf 88' lang='lat' dir='ltr'>cuique</span> <span class='ocrx_word' id='word_1_103' title='bbox 917 1003 1124 1044; x_wconf 89' lang='lat' dir='ltr'>Botanico</span> <span class='ocrx_word' id='word_1_104' title='bbox 1145 1003 1340 1058; x_wconf 82' lang='lat' dir='ltr'>cognita3</span> <span class='ocrx_word' id='word_1_105' title='bbox 1374 1015 1453 1042; x_wconf 88' lang='lat' dir='ltr'>nec</span> <span class='ocrx_word' id='word_1_106' title='bbox 1480 999 1810 1056; x_wconf 87' lang='lat' dir='ltr'>intelligendum</span> 
     </span>
     <span class='ocr_line' id='line_1_14' title="bbox 141 1069 1810 1130; baseline -0.003 -15"><span class='ocrx_word' id='word_1_107' title='bbox 141 1080 203 1116; x_wconf 90' lang='lat' dir='ltr'>est</span> <span class='ocrx_word' id='word_1_108' title='bbox 229 1088 360 1130; x_wconf 86' lang='lat' dir='ltr'>quare</span> <span class='ocrx_word' id='word_1_109' title='bbox 390 1072 563 1114; x_wconf 86' lang='lat' dir='ltr'>adhesio</span> <span class='ocrx_word' id='word_1_110' title='bbox 594 1071 913 1113; x_wconf 88' lang='lat' dir='ltr'>filamentorum</span> <span class='ocrx_word' id='word_1_111' title='bbox 943 1086 1043 1113; x_wconf 86' lang='lat' dir='ltr'>eum</span> <span class='ocrx_word' id='word_1_112' title='bbox 1075 1071 1177 1112; x_wconf 89' lang='lat' dir='ltr'>tubo</span> <span class='ocrx_word' id='word_1_113' title='bbox 1210 1070 1378 1126; x_wconf 86' lang='lat' dir='ltr'>calycis,</span> <span class='ocrx_word' id='word_1_114' title='bbox 1412 1071 1564 1125; x_wconf 79' lang='lat' dir='ltr'>saepius</span> <span class='ocrx_word' id='word_1_115' title='bbox 1593 1070 1666 1111; x_wconf 85' lang='lat' dir='ltr'>vix</span> <span class='ocrx_word' id='word_1_116' title='bbox 1695 1069 1810 1111; x_wconf 87' lang='lat' dir='ltr'>dete-</span> 
     </span>
     <span class='ocr_line' id='line_1_15' title="bbox 142 1139 1586 1200; baseline -0.003 -16"><span class='ocrx_word' id='word_1_117' title='bbox 142 1142 297 1200; x_wconf 88' lang='lat' dir='ltr'>genda,</span> <span class='ocrx_word' id='word_1_118' title='bbox 320 1141 429 1183; x_wconf 88' lang='lat' dir='ltr'>tanti</span> <span class='ocrx_word' id='word_1_119' title='bbox 449 1140 501 1182; x_wconf 85' lang='lat' dir='ltr'>sit</span> <span class='ocrx_word' id='word_1_120' title='bbox 521 1141 726 1182; x_wconf 87' lang='lat' dir='ltr'>momenti</span> <span class='ocrx_word' id='word_1_121' title='bbox 747 1147 795 1182; x_wconf 91' lang='lat' dir='ltr'>ut</span> <span class='ocrx_word' id='word_1_122' title='bbox 814 1140 974 1181; x_wconf 86' lang='lat' dir='ltr'>formas</span> <span class='ocrx_word' id='word_1_123' title='bbox 995 1139 1167 1181; x_wconf 81' lang='lat' dir='ltr'>dirimet</span> <span class='ocrx_word' id='word_1_124' title='bbox 1187 1139 1310 1180; x_wconf 87' lang='lat' dir='ltr'>aliter</span> <span class='ocrx_word' id='word_1_125' title='bbox 1331 1139 1586 1180; x_wconf 86' lang='lat' dir='ltr'>simillimas.</span> 
     </span>
    </p>

    <p class='ocr_par' dir='ltr' id='par_1_4' title="bbox 143 1206 1818 1882">
     <span class='ocr_line' id='line_1_16' title="bbox 233 1206 1814 1266; baseline -0.003 -14"><span class='ocrx_word' id='word_1_126' title='bbox 233 1211 322 1252; x_wconf 91' lang='lat' dir='ltr'>Nec</span> <span class='ocrx_word' id='word_1_127' title='bbox 357 1210 499 1251; x_wconf 86' lang='lat' dir='ltr'>minus</span> <span class='ocrx_word' id='word_1_128' title='bbox 534 1209 676 1266; x_wconf 81' lang='lat' dir='ltr'>gravis</span> <span class='ocrx_word' id='word_1_129' title='bbox 706 1216 769 1251; x_wconf 88' lang='lat' dir='ltr'>est</span> <span class='ocrx_word' id='word_1_130' title='bbox 801 1223 918 1250; x_wconf 89' lang='lat' dir='ltr'>error</span> <span class='ocrx_word' id='word_1_131' title='bbox 948 1208 1103 1249; x_wconf 88' lang='lat' dir='ltr'>millies</span> <span class='ocrx_word' id='word_1_132' title='bbox 1138 1208 1354 1263; x_wconf 81' lang='lat' dir='ltr'>repetitus,</span> <span class='ocrx_word' id='word_1_133' title='bbox 1390 1208 1680 1249; x_wconf 80' lang='lat' dir='ltr'>characterem</span> <span class='ocrx_word' id='word_1_134' title='bbox 1711 1206 1814 1247; x_wconf 88' lang='lat' dir='ltr'>dare</span> 
     </span>
     <span class='ocr_line' id='line_1_17' title="bbox 143 1274 1814 1332; baseline -0.002 -11"><span class='ocrx_word' id='word_1_135' title='bbox 143 1279 387 1329; x_wconf 85' lang='lat' dir='ltr'>sectionem,</span> <span class='ocrx_word' id='word_1_136' title='bbox 430 1293 507 1320; x_wconf 88' lang='lat' dir='ltr'>nec</span> <span class='ocrx_word' id='word_1_137' title='bbox 547 1279 777 1320; x_wconf 85' lang='lat' dir='ltr'>sectionem</span> <span class='ocrx_word' id='word_1_138' title='bbox 817 1278 1122 1319; x_wconf 85' lang='lat' dir='ltr'>characterem.</span> <span class='ocrx_word' id='word_1_139' title='bbox 1203 1276 1320 1317; x_wconf 91' lang='lat' dir='ltr'>Num</span> <span class='ocrx_word' id='word_1_140' title='bbox 1361 1275 1520 1332; x_wconf 81' lang='lat' dir='ltr'>dogma</span> <span class='ocrx_word' id='word_1_141' title='bbox 1560 1274 1668 1316; x_wconf 92' lang='lat' dir='ltr'>illud</span> <span class='ocrx_word' id='word_1_142' title='bbox 1708 1276 1814 1317; x_wconf 88' lang='lat' dir='ltr'>reci-</span> 
     </span>
     <span class='ocr_line' id='line_1_18' title="bbox 144 1344 1813 1404; baseline -0.002 -16"><span class='ocrx_word' id='word_1_143' title='bbox 144 1347 350 1404; x_wconf 89' lang='lat' dir='ltr'>piendum</span> <span class='ocrx_word' id='word_1_144' title='bbox 389 1346 442 1387; x_wconf 83' lang='lat' dir='ltr'>sit</span> <span class='ocrx_word' id='word_1_145' title='bbox 480 1347 654 1388; x_wconf 88' lang='lat' dir='ltr'>omnino</span> <span class='ocrx_word' id='word_1_146' title='bbox 687 1362 737 1388; x_wconf 80' lang='lat' dir='ltr'>ex</span> <span class='ocrx_word' id='word_1_147' title='bbox 770 1354 924 1387; x_wconf 88' lang='lat' dir='ltr'>natura</span> <span class='ocrx_word' id='word_1_148' title='bbox 959 1345 1213 1387; x_wconf 84' lang='lat' dir='ltr'>characteris</span> <span class='ocrx_word' id='word_1_149' title='bbox 1253 1344 1436 1400; x_wconf 89' lang='lat' dir='ltr'>pendere</span> <span class='ocrx_word' id='word_1_150' title='bbox 1471 1344 1669 1395; x_wconf 74' lang='lat' dir='ltr'>videtui-3</span> <span class='ocrx_word' id='word_1_151' title='bbox 1714 1344 1813 1385; x_wconf 84' lang='lat' dir='ltr'>cha-</span> 
     </span>
     <span class='ocr_line' id='line_1_19' title="bbox 145 1412 1814 1466; baseline -0.003 -9"><span class='ocrx_word' id='word_1_152' title='bbox 145 1422 283 1457; x_wconf 87' lang='lat' dir='ltr'>racter</span> <span class='ocrx_word' id='word_1_153' title='bbox 302 1415 335 1456; x_wconf 91' lang='lat' dir='ltr'>si</span> <span class='ocrx_word' id='word_1_154' title='bbox 357 1414 704 1466; x_wconf 82' lang='lat' dir='ltr'>fundamentalis,</span> <span class='ocrx_word' id='word_1_155' title='bbox 728 1414 945 1456; x_wconf 89' lang='lat' dir='ltr'>absolutus</span> <span class='ocrx_word' id='word_1_156' title='bbox 973 1421 1048 1464; x_wconf 89' lang='lat' dir='ltr'>est,</span> <span class='ocrx_word' id='word_1_157' title='bbox 1073 1421 1114 1454; x_wconf 91' lang='lat' dir='ltr'>et</span> <span class='ocrx_word' id='word_1_158' title='bbox 1135 1414 1363 1454; x_wconf 87' lang='lat' dir='ltr'>sectionem</span> <span class='ocrx_word' id='word_1_159' title='bbox 1381 1413 1555 1463; x_wconf 79' lang='lat' dir='ltr'>definit3</span> <span class='ocrx_word' id='word_1_160' title='bbox 1589 1413 1623 1453; x_wconf 92' lang='lat' dir='ltr'>si</span> <span class='ocrx_word' id='word_1_161' title='bbox 1643 1412 1814 1453; x_wconf 89' lang='lat' dir='ltr'>levioris</span> 
     </span>
     <span class='ocr_line' id='line_1_20' title="bbox 145 1480 1812 1539; baseline -0.002 -14"><span class='ocrx_word' id='word_1_162' title='bbox 145 1485 200 1526; x_wconf 87' lang='lat' dir='ltr'>sit</span> <span class='ocrx_word' id='word_1_163' title='bbox 220 1483 433 1539; x_wconf 89' lang='lat' dir='ltr'>ponderis,</span> <span class='ocrx_word' id='word_1_164' title='bbox 457 1483 511 1524; x_wconf 88' lang='lat' dir='ltr'>ad</span> <span class='ocrx_word' id='word_1_165' title='bbox 527 1483 730 1524; x_wconf 88' lang='lat' dir='ltr'>sectiones</span> <span class='ocrx_word' id='word_1_166' title='bbox 749 1482 997 1524; x_wconf 83' lang='lat' dir='ltr'>limitandas</span> <span class='ocrx_word' id='word_1_167' title='bbox 1018 1497 1170 1538; x_wconf 90' lang='lat' dir='ltr'>parum</span> <span class='ocrx_word' id='word_1_168' title='bbox 1194 1489 1255 1523; x_wconf 88' lang='lat' dir='ltr'>est</span> <span class='ocrx_word' id='word_1_169' title='bbox 1275 1481 1466 1532; x_wconf 88' lang='lat' dir='ltr'>idoneus,</span> <span class='ocrx_word' id='word_1_170' title='bbox 1486 1488 1528 1522; x_wconf 92' lang='lat' dir='ltr'>et</span> <span class='ocrx_word' id='word_1_171' title='bbox 1543 1480 1812 1537; x_wconf 85' lang='lat' dir='ltr'>rejiciendus.</span> 
     </span>
     <span class='ocr_line' id='line_1_21' title="bbox 148 1549 1815 1608; baseline -0.002 -15"><span class='ocrx_word' id='word_1_172' title='bbox 148 1553 207 1593; x_wconf 81' lang='lat' dir='ltr'>E.</span> <span class='ocrx_word' id='word_1_173' title='bbox 245 1568 290 1608; x_wconf 72' lang='lat'>9.</span> <span class='ocrx_word' id='word_1_174' title='bbox 332 1551 633 1608; x_wconf 85' lang='lat' dir='ltr'>endogeneitas</span> <span class='ocrx_word' id='word_1_175' title='bbox 674 1558 737 1593; x_wconf 91' lang='lat' dir='ltr'>est</span> <span class='ocrx_word' id='word_1_176' title='bbox 774 1551 995 1593; x_wconf 79' lang='lat' dir='ltr'>character</span> <span class='ocrx_word' id='word_1_177' title='bbox 1037 1550 1401 1606; x_wconf 70' lang='lat' dir='ltr'>Endogenarum,</span> <span class='ocrx_word' id='word_1_178' title='bbox 1449 1550 1545 1606; x_wconf 87' lang='lat' dir='ltr'>quis</span> <span class='ocrx_word' id='word_1_179' title='bbox 1586 1549 1815 1591; x_wconf 82' lang='lat' dir='ltr'>Smilacem</span> 
     </span>
     <span class='ocr_line' id='line_1_22' title="bbox 150 1618 1816 1676; baseline -0.001 -14"><span class='ocrx_word' id='word_1_180' title='bbox 150 1621 478 1662; x_wconf 85' lang='lat' dir='ltr'>Dioscoreamve</span> <span class='ocrx_word' id='word_1_181' title='bbox 505 1620 571 1662; x_wconf 90' lang='lat' dir='ltr'>his</span> <span class='ocrx_word' id='word_1_182' title='bbox 599 1620 844 1676; x_wconf 85' lang='lat' dir='ltr'>expelleret,</span> <span class='ocrx_word' id='word_1_183' title='bbox 877 1620 977 1676; x_wconf 88' lang='lat' dir='ltr'>quia</span> <span class='ocrx_word' id='word_1_184' title='bbox 1005 1620 1132 1661; x_wconf 87' lang='lat' dir='ltr'>facies</span> <span class='ocrx_word' id='word_1_185' title='bbox 1160 1634 1307 1660; x_wconf 89' lang='lat' dir='ltr'>earum</span> <span class='ocrx_word' id='word_1_186' title='bbox 1341 1626 1403 1660; x_wconf 89' lang='lat' dir='ltr'>est</span> <span class='ocrx_word' id='word_1_187' title='bbox 1433 1619 1714 1674; x_wconf 86' lang='lat' dir='ltr'>Menispermi</span> <span class='ocrx_word' id='word_1_188' title='bbox 1747 1618 1816 1660; x_wconf 89' lang='lat' dir='ltr'>vel</span> 
     </span>
     <span class='ocr_line' id='line_1_23' title="bbox 149 1687 1817 1746; baseline -0.002 -15"><span class='ocrx_word' id='word_1_189' title='bbox 149 1689 486 1746; x_wconf 84' lang='lat' dir='ltr'>Euphorbiaceae</span> <span class='ocrx_word' id='word_1_190' title='bbox 532 1688 786 1745; x_wconf 76' lang='lat' dir='ltr'>cujusdam?</span> <span class='ocrx_word' id='word_1_191' title='bbox 861 1689 1073 1730; x_wconf 79' lang='lat' dir='ltr'>Praeterea</span> <span class='ocrx_word' id='word_1_192' title='bbox 1119 1689 1323 1744; x_wconf 64' lang='lat' dir='ltr'>cffnitcffi,</span> <span class='ocrx_word' id='word_1_193' title='bbox 1370 1687 1560 1729; x_wconf 88' lang='lat' dir='ltr'>methodi</span> <span class='ocrx_word' id='word_1_194' title='bbox 1609 1687 1817 1728; x_wconf 86' lang='lat' dir='ltr'>naturalis</span> 
     </span>
     <span class='ocr_line' id='line_1_24' title="bbox 148 1756 1818 1813; baseline -0.001 -14"><span class='ocrx_word' id='word_1_195' title='bbox 148 1758 491 1808; x_wconf 86' lang='lat' dir='ltr'>fundamentum,</span> <span class='ocrx_word' id='word_1_196' title='bbox 515 1757 622 1797; x_wconf 91' lang='lat' dir='ltr'>nihil</span> <span class='ocrx_word' id='word_1_197' title='bbox 644 1764 706 1798; x_wconf 90' lang='lat' dir='ltr'>est</span> <span class='ocrx_word' id='word_1_198' title='bbox 726 1756 807 1798; x_wconf 91' lang='lat' dir='ltr'>nisi</span> <span class='ocrx_word' id='word_1_199' title='bbox 827 1756 1123 1799; x_wconf 84' lang='lat' dir='ltr'>characterum</span> <span class='ocrx_word' id='word_1_200' title='bbox 1145 1757 1423 1813; x_wconf 82' lang='lat' dir='ltr'>congruentia</span> <span class='ocrx_word' id='word_1_201' title='bbox 1443 1756 1746 1808; x_wconf 86' lang='lat' dir='ltr'>essentialium,</span> <span class='ocrx_word' id='word_1_202' title='bbox 1769 1763 1818 1797; x_wconf 92' lang='lat' dir='ltr'>ut</span> 
     </span>
     <span class='ocr_line' id='line_1_25' title="bbox 149 1825 719 1882; baseline -0.004 -14"><span class='ocrx_word' id='word_1_203' title='bbox 149 1827 346 1882; x_wconf 70' lang='lat' dir='ltr'>analoyz&#39;a</span> <span class='ocrx_word' id='word_1_204' title='bbox 376 1825 719 1867; x_wconf 85' lang='lat' dir='ltr'>accidentalium.</span> 
     </span>
    </p>

    <p class='ocr_par' dir='ltr' id='par_1_5' title="bbox 150 1894 1827 2975">
     <span class='ocr_line' id='line_1_26' title="bbox 237 1894 1819 1950; baseline 0.001 -15"><span class='ocrx_word' id='word_1_205' title='bbox 237 1894 351 1943; x_wconf 83' lang='lat' dir='ltr'>Quid</span> <span class='ocrx_word' id='word_1_206' title='bbox 386 1894 519 1950; x_wconf 89' lang='lat' dir='ltr'>igitur</span> <span class='ocrx_word' id='word_1_207' title='bbox 550 1894 801 1935; x_wconf 74' lang='lat' dir='ltr'>essentiale?</span> <span class='ocrx_word' id='word_1_208' title='bbox 834 1901 876 1936; x_wconf 91' lang='lat' dir='ltr'>et</span> <span class='ocrx_word' id='word_1_209' title='bbox 908 1894 1124 1950; x_wconf 90' lang='lat' dir='ltr'>quomodo</span> <span class='ocrx_word' id='word_1_210' title='bbox 1157 1895 1268 1936; x_wconf 89' lang='lat' dir='ltr'>inter</span> <span class='ocrx_word' id='word_1_211' title='bbox 1303 1895 1489 1936; x_wconf 87' lang='lat' dir='ltr'>diversos</span> <span class='ocrx_word' id='word_1_212' title='bbox 1524 1894 1683 1950; x_wconf 87' lang='lat' dir='ltr'>gradus</span> <span class='ocrx_word' id='word_1_213' title='bbox 1718 1894 1819 1936; x_wconf 86' lang='lat' dir='ltr'>cha-</span> 
     </span>
     <span class='ocr_line' id='line_1_27' title="bbox 151 1962 1819 2019; baseline 0.001 -15"><span class='ocrx_word' id='word_1_214' title='bbox 151 1970 362 2004; x_wconf 87' lang='lat' dir='ltr'>racterum</span> <span class='ocrx_word' id='word_1_215' title='bbox 395 1962 707 2018; x_wconf 87' lang='lat' dir='ltr'>distinguamus</span> <span class='ocrx_word' id='word_1_216' title='bbox 723 1962 740 2001; x_wconf 67' lang='grc' dir='ltr'>’ἶ</span> <span class='ocrx_word' id='word_1_217' title='bbox 818 1962 928 2004; x_wconf 88' lang='lat' dir='ltr'>Ecce</span> <span class='ocrx_word' id='word_1_218' title='bbox 969 1962 1198 2004; x_wconf 86' lang='lat' dir='ltr'>difficultas</span> <span class='ocrx_word' id='word_1_219' title='bbox 1218 1979 1228 2014; x_wconf 88' lang='lat'>;</span> <span class='ocrx_word' id='word_1_220' title='bbox 1276 1978 1362 2004; x_wconf 89' lang='lat' dir='ltr'>non</span> <span class='ocrx_word' id='word_1_221' title='bbox 1397 1963 1551 2014; x_wconf 84' lang='lat' dir='ltr'>verbis,</span> <span class='ocrx_word' id='word_1_222' title='bbox 1590 1963 1660 2004; x_wconf 86' lang='lat' dir='ltr'>sed</span> <span class='ocrx_word' id='word_1_223' title='bbox 1695 1978 1819 2019; x_wconf 85' lang='lat' dir='ltr'>expe-</span> 
     </span>
     <span class='ocr_line' id='line_1_28' title="bbox 150 2030 1820 2087; baseline 0.001 -15"><span class='ocrx_word' id='word_1_224' title='bbox 150 2031 302 2072; x_wconf 89' lang='lat' dir='ltr'>rientia</span> <span class='ocrx_word' id='word_1_225' title='bbox 342 2030 432 2072; x_wconf 84' lang='lat' dir='ltr'>sola</span> <span class='ocrx_word' id='word_1_226' title='bbox 471 2030 687 2072; x_wconf 88' lang='lat' dir='ltr'>solvenda.</span> <span class='ocrx_word' id='word_1_227' title='bbox 764 2031 900 2072; x_wconf 87' lang='lat' dir='ltr'>Dictis</span> <span class='ocrx_word' id='word_1_228' title='bbox 934 2046 1082 2073; x_wconf 88' lang='lat' dir='ltr'>eorum</span> <span class='ocrx_word' id='word_1_229' title='bbox 1118 2032 1294 2073; x_wconf 89' lang='lat' dir='ltr'>minime</span> <span class='ocrx_word' id='word_1_230' title='bbox 1327 2032 1508 2073; x_wconf 87' lang='lat' dir='ltr'>assentio</span> <span class='ocrx_word' id='word_1_231' title='bbox 1541 2032 1614 2087; x_wconf 89' lang='lat' dir='ltr'>qui</span> <span class='ocrx_word' id='word_1_232' title='bbox 1647 2032 1820 2074; x_wconf 85' lang='lat' dir='ltr'>charac-</span> 
     </span>
     <span class='ocr_line' id='line_1_29' title="bbox 151 2098 1820 2156; baseline 0.001 -15"><span class='ocrx_word' id='word_1_233' title='bbox 151 2107 291 2141; x_wconf 91' lang='lat' dir='ltr'>terum</span> <span class='ocrx_word' id='word_1_234' title='bbox 317 2098 505 2140; x_wconf 86' lang='lat' dir='ltr'>valorem</span> <span class='ocrx_word' id='word_1_235' title='bbox 528 2114 554 2140; x_wconf 84' lang='lat' dir='ltr'>a</span> <span class='ocrx_word' id='word_1_236' title='bbox 574 2099 713 2155; x_wconf 90' lang='lat' dir='ltr'>priore</span> <span class='ocrx_word' id='word_1_237' title='bbox 735 2099 1109 2142; x_wconf 88' lang='lat' dir='ltr'>determinandum</span> <span class='ocrx_word' id='word_1_238' title='bbox 1140 2108 1308 2155; x_wconf 89' lang='lat' dir='ltr'>putant,</span> <span class='ocrx_word' id='word_1_239' title='bbox 1334 2108 1374 2142; x_wconf 90' lang='lat' dir='ltr'>et</span> <span class='ocrx_word' id='word_1_240' title='bbox 1394 2100 1576 2156; x_wconf 88' lang='lat' dir='ltr'>gradum</span> <span class='ocrx_word' id='word_1_241' title='bbox 1600 2100 1820 2156; x_wconf 79' lang='lat' dir='ltr'>dignitatis</span> 
     </span>
     <span class='ocr_line' id='line_1_30' title="bbox 152 2168 1821 2225; baseline 0.001 -16"><span class='ocrx_word' id='word_1_242' title='bbox 152 2168 305 2225; x_wconf 85' lang='lat' dir='ltr'>gradui</span> <span class='ocrx_word' id='word_1_243' title='bbox 345 2168 595 2209; x_wconf 89' lang='lat' dir='ltr'>evolutionis</span> <span class='ocrx_word' id='word_1_244' title='bbox 636 2183 781 2223; x_wconf 87' lang='lat' dir='ltr'>parem</span> <span class='ocrx_word' id='word_1_245' title='bbox 819 2175 1025 2209; x_wconf 87' lang='lat' dir='ltr'>statuunt.</span> <span class='ocrx_word' id='word_1_246' title='bbox 1106 2169 1143 2209; x_wconf 88' lang='lat' dir='ltr'>E</span> <span class='ocrx_word' id='word_1_247' title='bbox 1180 2170 1405 2219; x_wconf 87' lang='lat' dir='ltr'>contrario,</span> <span class='ocrx_word' id='word_1_248' title='bbox 1446 2169 1526 2209; x_wconf 90' lang='lat' dir='ltr'>hoc</span> <span class='ocrx_word' id='word_1_249' title='bbox 1565 2168 1703 2209; x_wconf 89' lang='lat' dir='ltr'>solum</span> <span class='ocrx_word' id='word_1_250' title='bbox 1744 2184 1821 2224; x_wconf 89' lang='lat' dir='ltr'>pro</span> 
     </span>
     <span class='ocr_line' id='line_1_31' title="bbox 153 2233 1822 2290; baseline 0.002 -14"><span class='ocrx_word' id='word_1_251' title='bbox 153 2241 267 2276; x_wconf 89' lang='lat' dir='ltr'>certo</span> <span class='ocrx_word' id='word_1_252' title='bbox 287 2233 508 2284; x_wconf 87' lang='lat' dir='ltr'>habemus,</span> <span class='ocrx_word' id='word_1_253' title='bbox 531 2234 793 2275; x_wconf 86' lang='lat' dir='ltr'>characteres</span> <span class='ocrx_word' id='word_1_254' title='bbox 812 2233 1121 2290; x_wconf 84' lang='lat' dir='ltr'>physiologicos</span> <span class='ocrx_word' id='word_1_255' title='bbox 1142 2234 1271 2276; x_wconf 88' lang='lat' dir='ltr'>nullis</span> <span class='ocrx_word' id='word_1_256' title='bbox 1287 2237 1612 2290; x_wconf 85' lang='lat' dir='ltr'>postponendos,</span> <span class='ocrx_word' id='word_1_257' title='bbox 1631 2245 1678 2278; x_wconf 88' lang='lat' dir='ltr'>ut</span> <span class='ocrx_word' id='word_1_258' title='bbox 1699 2252 1822 2280; x_wconf 85' lang='lat' dir='ltr'>sexus</span> 
     </span>
     <span class='ocr_line' id='line_1_32' title="bbox 154 2301 1824 2358; baseline 0.002 -15"><span class='ocrx_word' id='word_1_259' title='bbox 154 2302 377 2358; x_wconf 75' lang='lat' dir='ltr'>praesentia</span> <span class='ocrx_word' id='word_1_260' title='bbox 392 2301 458 2342; x_wconf 87' lang='lat' dir='ltr'>vel</span> <span class='ocrx_word' id='word_1_261' title='bbox 476 2302 679 2354; x_wconf 81' lang='lat' dir='ltr'>absentia,</span> <span class='ocrx_word' id='word_1_262' title='bbox 698 2303 1018 2358; x_wconf 80' lang='lat' dir='ltr'>germinationis</span> <span class='ocrx_word' id='word_1_263' title='bbox 1035 2303 1102 2344; x_wconf 91' lang='lat' dir='ltr'>vel</span> <span class='ocrx_word' id='word_1_264' title='bbox 1118 2303 1333 2345; x_wconf 89' lang='lat' dir='ltr'>crescendi</span> <span class='ocrx_word' id='word_1_265' title='bbox 1354 2304 1521 2355; x_wconf 86' lang='lat' dir='ltr'>modus,</span> <span class='ocrx_word' id='word_1_266' title='bbox 1546 2312 1586 2346; x_wconf 87' lang='lat' dir='ltr'>et</span> <span class='ocrx_word' id='word_1_267' title='bbox 1607 2307 1824 2347; x_wconf 88' lang='lat' dir='ltr'>anatomia</span> 
     </span>
     <span class='ocr_line' id='line_1_33' title="bbox 154 2371 1823 2426; baseline 0.002 -14"><span class='ocrx_word' id='word_1_268' title='bbox 154 2371 322 2412; x_wconf 87' lang='lat' dir='ltr'>interna</span> <span class='ocrx_word' id='word_1_269' title='bbox 362 2378 637 2422; x_wconf 85' lang='lat' dir='ltr'>truncorum;</span> <span class='ocrx_word' id='word_1_270' title='bbox 691 2386 920 2426; x_wconf 89' lang='lat' dir='ltr'>omnesque</span> <span class='ocrx_word' id='word_1_271' title='bbox 958 2371 1076 2422; x_wconf 89' lang='lat' dir='ltr'>alios,</span> <span class='ocrx_word' id='word_1_272' title='bbox 1126 2372 1213 2412; x_wconf 89' lang='lat' dir='ltr'>sive</span> <span class='ocrx_word' id='word_1_273' title='bbox 1253 2387 1274 2413; x_wconf 88' lang='lat' dir='ltr'>e</span> <span class='ocrx_word' id='word_1_274' title='bbox 1314 2373 1429 2414; x_wconf 86' lang='lat' dir='ltr'>floris</span> <span class='ocrx_word' id='word_1_275' title='bbox 1469 2381 1695 2424; x_wconf 88' lang='lat' dir='ltr'>structura,</span> <span class='ocrx_word' id='word_1_276' title='bbox 1736 2375 1823 2415; x_wconf 87' lang='lat' dir='ltr'>sive</span> 
     </span>
     <span class='ocr_line' id='line_1_34' title="bbox 155 2438 1824 2496; baseline 0.002 -16"><span class='ocrx_word' id='word_1_277' title='bbox 155 2439 331 2488; x_wconf 88' lang='lat' dir='ltr'>fructus,</span> <span class='ocrx_word' id='word_1_278' title='bbox 355 2439 441 2479; x_wconf 86' lang='lat' dir='ltr'>sive</span> <span class='ocrx_word' id='word_1_279' title='bbox 471 2438 682 2479; x_wconf 89' lang='lat' dir='ltr'>seminum</span> <span class='ocrx_word' id='word_1_280' title='bbox 712 2439 948 2480; x_wconf 84' lang='lat' dir='ltr'>aliorumve</span> <span class='ocrx_word' id='word_1_281' title='bbox 970 2440 1173 2495; x_wconf 88' lang='lat' dir='ltr'>partium,</span> <span class='ocrx_word' id='word_1_282' title='bbox 1197 2455 1310 2481; x_wconf 90' lang='lat' dir='ltr'>nunc</span> <span class='ocrx_word' id='word_1_283' title='bbox 1337 2455 1487 2496; x_wconf 84' lang='lat' dir='ltr'>graves</span> <span class='ocrx_word' id='word_1_284' title='bbox 1511 2456 1624 2482; x_wconf 91' lang='lat' dir='ltr'>nunc</span> <span class='ocrx_word' id='word_1_285' title='bbox 1646 2442 1824 2484; x_wconf 90' lang='lat' dir='ltr'>leviores</span> 
     </span>
     <span class='ocr_line' id='line_1_35' title="bbox 157 2506 1823 2565; baseline 0.002 -17"><span class='ocrx_word' id='word_1_286' title='bbox 157 2521 245 2548; x_wconf 87' lang='lat' dir='ltr'>esse</span> <span class='ocrx_word' id='word_1_287' title='bbox 266 2506 310 2547; x_wconf 91' lang='lat' dir='ltr'>in</span> <span class='ocrx_word' id='word_1_288' title='bbox 331 2506 506 2547; x_wconf 89' lang='lat' dir='ltr'>diversis</span> <span class='ocrx_word' id='word_1_289' title='bbox 536 2508 655 2562; x_wconf 86' lang='lat' dir='ltr'>regni</span> <span class='ocrx_word' id='word_1_290' title='bbox 686 2507 932 2563; x_wconf 78' lang='lat' dir='ltr'>vegetabilis</span> <span class='ocrx_word' id='word_1_291' title='bbox 960 2508 1216 2563; x_wconf 81' lang='lat' dir='ltr'>regionibus,</span> <span class='ocrx_word' id='word_1_292' title='bbox 1247 2509 1299 2549; x_wconf 90' lang='lat' dir='ltr'>ob</span> <span class='ocrx_word' id='word_1_293' title='bbox 1320 2524 1468 2550; x_wconf 83' lang='lat' dir='ltr'>causas</span> <span class='ocrx_word' id='word_1_294' title='bbox 1488 2510 1706 2565; x_wconf 89' lang='lat' dir='ltr'>hucusque</span> <span class='ocrx_word' id='word_1_295' title='bbox 1734 2525 1823 2551; x_wconf 91' lang='lat' dir='ltr'>om-</span> 
     </span>
     <span class='ocr_line' id='line_1_36' title="bbox 157 2574 1824 2634; baseline 0.002 -18"><span class='ocrx_word' id='word_1_296' title='bbox 157 2575 260 2616; x_wconf 89' lang='lat' dir='ltr'>nino</span> <span class='ocrx_word' id='word_1_297' title='bbox 287 2575 467 2630; x_wconf 87' lang='lat' dir='ltr'>ignotas.</span> <span class='ocrx_word' id='word_1_298' title='bbox 525 2574 656 2615; x_wconf 88' lang='lat' dir='ltr'>Verbi</span> <span class='ocrx_word' id='word_1_299' title='bbox 678 2590 820 2626; x_wconf 89' lang='lat' dir='ltr'>causa,</span> <span class='ocrx_word' id='word_1_300' title='bbox 849 2577 1086 2632; x_wconf 84' lang='lat' dir='ltr'>epigynesis</span> <span class='ocrx_word' id='word_1_301' title='bbox 1107 2578 1261 2618; x_wconf 88' lang='lat' dir='ltr'>florum</span> <span class='ocrx_word' id='word_1_302' title='bbox 1284 2578 1394 2619; x_wconf 90' lang='lat' dir='ltr'>inter</span> <span class='ocrx_word' id='word_1_303' title='bbox 1415 2578 1681 2634; x_wconf 84' lang='lat' dir='ltr'>Compositas</span> <span class='ocrx_word' id='word_1_304' title='bbox 1705 2578 1824 2620; x_wconf 89' lang='lat' dir='ltr'>abso-</span> 
     </span>
     <span class='ocr_line' id='line_1_37' title="bbox 156 2643 1824 2699; baseline 0.003 -15"><span class='ocrx_word' id='word_1_305' title='bbox 156 2643 249 2684; x_wconf 85' lang='lat' dir='ltr'>luta</span> <span class='ocrx_word' id='word_1_306' title='bbox 280 2649 341 2683; x_wconf 91' lang='lat' dir='ltr'>est</span> <span class='ocrx_word' id='word_1_307' title='bbox 371 2650 412 2683; x_wconf 88' lang='lat' dir='ltr'>et</span> <span class='ocrx_word' id='word_1_308' title='bbox 442 2643 615 2684; x_wconf 89' lang='lat' dir='ltr'>omnino</span> <span class='ocrx_word' id='word_1_309' title='bbox 651 2643 735 2684; x_wconf 88' lang='lat' dir='ltr'>illis</span> <span class='ocrx_word' id='word_1_310' title='bbox 766 2644 923 2699; x_wconf 86' lang='lat' dir='ltr'>plantis</span> <span class='ocrx_word' id='word_1_311' title='bbox 956 2645 1201 2696; x_wconf 85' lang='lat' dir='ltr'>essentialis,</span> <span class='ocrx_word' id='word_1_312' title='bbox 1239 2646 1399 2687; x_wconf 87' lang='lat' dir='ltr'>Ericeis</span> <span class='ocrx_word' id='word_1_313' title='bbox 1433 2647 1609 2688; x_wconf 88' lang='lat' dir='ltr'>minoris</span> <span class='ocrx_word' id='word_1_314' title='bbox 1642 2654 1705 2688; x_wconf 87' lang='lat' dir='ltr'>est</span> <span class='ocrx_word' id='word_1_315' title='bbox 1734 2662 1824 2689; x_wconf 88' lang='lat' dir='ltr'>mo—</span> 
     </span>
     <span class='ocr_line' id='line_1_38' title="bbox 158 2710 1826 2771; baseline 0.002 -19"><span class='ocrx_word' id='word_1_316' title='bbox 158 2711 293 2752; x_wconf 89' lang='lat' dir='ltr'>menti</span> <span class='ocrx_word' id='word_1_317' title='bbox 315 2710 518 2752; x_wconf 85' lang='lat' dir='ltr'>Vaccinio</span> <span class='ocrx_word' id='word_1_318' title='bbox 548 2718 667 2761; x_wconf 89' lang='lat' dir='ltr'>teste,</span> <span class='ocrx_word' id='word_1_319' title='bbox 691 2711 951 2768; x_wconf 79' lang='lat' dir='ltr'>Saxifrageis</span> <span class='ocrx_word' id='word_1_320' title='bbox 980 2713 1104 2754; x_wconf 92' lang='lat' dir='ltr'>nihili</span> <span class='ocrx_word' id='word_1_321' title='bbox 1135 2721 1221 2765; x_wconf 84' lang='lat' dir='ltr'>est3</span> <span class='ocrx_word' id='word_1_322' title='bbox 1256 2715 1484 2756; x_wconf 89' lang='lat' dir='ltr'>albuminis</span> <span class='ocrx_word' id='word_1_323' title='bbox 1516 2730 1675 2771; x_wconf 81' lang='lat' dir='ltr'>magna</span> <span class='ocrx_word' id='word_1_324' title='bbox 1703 2716 1826 2771; x_wconf 86' lang='lat' dir='ltr'>copia</span> 
     </span>
     <span class='ocr_line' id='line_1_39' title="bbox 158 2778 1826 2840; baseline 0.003 -21"><span class='ocrx_word' id='word_1_325' title='bbox 158 2779 388 2834; x_wconf 90' lang='lat' dir='ltr'>embryone</span> <span class='ocrx_word' id='word_1_326' title='bbox 408 2778 587 2820; x_wconf 88' lang='lat' dir='ltr'>minimo</span> <span class='ocrx_word' id='word_1_327' title='bbox 608 2780 825 2830; x_wconf 86' lang='lat' dir='ltr'>comitata,</span> <span class='ocrx_word' id='word_1_328' title='bbox 848 2780 1098 2822; x_wconf 88' lang='lat' dir='ltr'>divisionem</span> <span class='ocrx_word' id='word_1_329' title='bbox 1121 2783 1370 2838; x_wconf 85' lang='lat' dir='ltr'>primariam</span> <span class='ocrx_word' id='word_1_330' title='bbox 1395 2782 1826 2840; x_wconf 85' lang='lat' dir='ltr'>Dicotyledonearum</span> 
     </span>
     <span class='ocr_line' id='line_1_40' title="bbox 158 2846 1827 2907; baseline 0.004 -21"><span class='ocrx_word' id='word_1_331' title='bbox 158 2846 498 2902; x_wconf 87' lang='lat' dir='ltr'>polypetalarum</span> <span class='ocrx_word' id='word_1_332' title='bbox 534 2848 788 2889; x_wconf 85' lang='lat' dir='ltr'>constituere</span> <span class='ocrx_word' id='word_1_333' title='bbox 823 2849 1006 2900; x_wconf 87' lang='lat' dir='ltr'>videtur,</span> <span class='ocrx_word' id='word_1_334' title='bbox 1042 2851 1114 2891; x_wconf 89' lang='lat' dir='ltr'>sed</span> <span class='ocrx_word' id='word_1_335' title='bbox 1152 2851 1262 2892; x_wconf 86' lang='lat' dir='ltr'>inter</span> <span class='ocrx_word' id='word_1_336' title='bbox 1295 2852 1593 2907; x_wconf 87' lang='lat' dir='ltr'>Monopetalas</span> <span class='ocrx_word' id='word_1_337' title='bbox 1621 2867 1735 2893; x_wconf 88' lang='lat' dir='ltr'>mere</span> <span class='ocrx_word' id='word_1_338' title='bbox 1766 2859 1827 2893; x_wconf 88' lang='lat' dir='ltr'>est</span> 
     </span>
     <span class='ocr_line' id='line_1_41' title="bbox 157 2914 1420 2975; baseline 0.004 -19"><span class='ocrx_word' id='word_1_339' title='bbox 157 2914 444 2965; x_wconf 83' lang='lat' dir='ltr'>accidentalis,</span> <span class='ocrx_word' id='word_1_340' title='bbox 466 2923 514 2956; x_wconf 89' lang='lat' dir='ltr'>ut</span> <span class='ocrx_word' id='word_1_341' title='bbox 536 2915 829 2957; x_wconf 85' lang='lat' dir='ltr'>Orobancheis</span> <span class='ocrx_word' id='word_1_342' title='bbox 853 2917 1182 2974; x_wconf 84' lang='lat' dir='ltr'>Pyrolaceisque</span> <span class='ocrx_word' id='word_1_343' title='bbox 1203 2920 1420 2975; x_wconf 85' lang='lat' dir='ltr'>probatur.</span> 
     </span>
    </p>
   </div>
   <div class='ocr_carea' id='block_1_3' title="bbox 248 2983 1515 3045">
    <p class='ocr_par' dir='ltr' id='par_1_6' title="bbox 248 2983 1515 3045">
     <span class='ocr_line' id='line_1_42' title="bbox 248 2983 1515 3045; baseline 0.005 -22"><span class='ocrx_word' id='word_1_344' title='bbox 248 2983 327 3026; x_wconf 80' lang='lat' dir='ltr'>llis</span> <span class='ocrx_word' id='word_1_345' title='bbox 348 2984 590 3039; x_wconf 76' lang='lat' dir='ltr'>praemissis,</span> <span class='ocrx_word' id='word_1_346' title='bbox 614 2985 743 3026; x_wconf 68' lang='lat' dir='ltr'>verba</span> <span class='ocrx_word' id='word_1_347' title='bbox 764 2986 1019 3041; x_wconf 86' lang='lat' dir='ltr'>paucissima</span> <span class='ocrx_word' id='word_1_348' title='bbox 1041 2987 1182 3030; x_wconf 85' lang='lat' dir='ltr'>dicam</span> <span class='ocrx_word' id='word_1_349' title='bbox 1202 2988 1254 3031; x_wconf 90' lang='lat' dir='ltr'>de</span> <span class='ocrx_word' id='word_1_350' title='bbox 1277 2997 1515 3045; x_wconf 84' lang='lat' dir='ltr'>systemate.</span> 
     </span>
    </p>
   </div>
  </div>
 </body>
</html>
