1892 3226
885 85 911 110 V

157 208 334 250 Nullam
367 207 542 248 existere
575 204 801 246 sectionem
835 202 1040 243 limitibus
1073 200 1197 242 certis
1232 205 1273 241 et
1313 199 1514 240 absolutis
1550 200 1728 240 circum-

70 277 270 332 scriptam
300 275 494 331 plurimis
529 272 769 315 auctoribus
801 271 940 311 visum
973 276 1058 318 est3
1092 268 1307 324 speciebus
1338 267 1436 308 solis
1467 267 1730 309 characteres

69 344 271 385 limitatos
303 344 512 398 pertinere
544 340 770 389 asseritur;
806 338 876 378 vix
907 344 1048 378 autem
1080 344 1204 377 recte.
1282 335 1404 376 Notae
1434 334 1731 390 physiologicae

70 426 216 452 omnes
236 411 433 451 ridentur
454 409 672 457 absolutae,
696 423 735 448 v.
760 421 823 462 gr.
852 405 1079 446 sexualitas
1100 412 1141 446 et
1169 404 1434 453 esexualitas,
1459 401 1732 457 endogenesis

71 486 112 520 et
132 479 388 533 exogenesis,
411 475 808 533 gymnospermesis,
832 481 909 515 etc.
929 489 939 522 ;
972 473 1237 514 characteres
1265 487 1286 512 e
1315 477 1526 512 structura
1553 469 1733 510 derivati

72 547 148 588 soli
170 554 268 587 sunt
283 548 354 601 qui
374 545 588 586 vacillant.
655 544 725 593 lli,
749 542 1047 599 physiologicis
1064 540 1294 590 inferiores,
1314 538 1439 579 nixus
1456 538 1592 579 varios
1613 538 1733 593 plan-

72 623 212 656 tarum
246 622 412 655 tantum
454 614 714 668 exprimunt,
749 625 863 652 nunc
902 611 945 650 in
979 625 1110 650 unam
1146 608 1328 663 speciem
1363 606 1614 648 evolutionis
1645 614 1735 647 ten-

72 682 279 731 dentium,
298 698 413 723 nunc
429 682 471 722 in
489 681 690 729 alteram;
715 679 864 721 talium
878 678 1050 733 quidem
1069 676 1335 717 definitiones
1353 675 1497 723 nullae,
1514 674 1736 730 diagnoscs

74 750 170 791 solae
192 750 459 791 adhibendae.
526 749 689 789 Horum
713 749 892 788 nixuum
923 746 1187 787 characteres
1208 744 1266 784 ita
1286 743 1387 784 dicti
1408 743 1516 783 nihil
1538 750 1635 783 sunt
1655 743 1737 783 nisi

74 818 230 859 indicia
262 818 497 858 formarum
531 816 855 872 prtevalentium
889 829 984 869 quae
1018 814 1061 853 in
1095 814 1205 868 typis
1238 811 1542 852 inveniuntur:
1591 826 1737 866 excep-

74 885 257 926 tionibus
279 884 513 935 abundant,
539 890 566 908 “
591 884 644 924 ad
664 884 928 924 characteres
950 880 1137 931 autem‚''
1160 887 1207 921 ut
1227 880 1333 920 bene
1355 879 1462 920 dixit
1476 879 1736 934 Agardhius,

77 957 106 976 “
129 967 213 993 non
234 953 287 993 ad
310 952 562 994 affinitatem
585 950 935 1008 pertinentibus.”
998 949 1164 990 Plantae
1179 963 1273 1003 quae
1290 947 1393 988 ideae
1412 947 1536 988 nixus
1554 947 1739 988 maxime

75 1028 173 1062 sunt
213 1021 452 1063 conformes
491 1020 805 1062 characteribus
839 1018 1032 1060 sectionis
1069 1017 1243 1057 omnino
1281 1015 1608 1070 respondebunt,
1645 1030 1741 1070 quae

75 1089 263 1130 maxime
293 1089 489 1129 aberrant
511 1089 668 1138 minus,
693 1089 778 1128 imo
799 1087 996 1136 minime3
1028 1086 1086 1127 sic
1108 1084 1348 1140 Onagrales
1370 1098 1464 1138 quae
1487 1083 1741 1139 polypetalae

79 1165 180 1198 sunt
223 1157 483 1212 Halm-ageas
528 1155 896 1211 comprehendunt
936 1153 1140 1209 apetalas,
1185 1152 1456 1207 Ericalesque
1503 1151 1743 1207 hypogynae

79 1225 285 1266 Vaccinia
306 1225 502 1280 epigyna.
563 1224 732 1264 Talium
749 1222 947 1264 ordinum
969 1222 1255 1262 characterem
1272 1220 1456 1260 maxime
1478 1219 1744 1261 essentialem

78 1293 211 1334 latere
244 1293 439 1349 possibile
470 1299 558 1341 est3
593 1292 664 1333 sed
698 1306 831 1347 usque
858 1290 962 1331 dum
987 1289 1139 1330 melior
1163 1288 1398 1344 detegatur,
1432 1287 1544 1328 solus
1576 1295 1637 1328 est
1661 1303 1745 1343 quo

79 1368 265 1403 utamur.
329 1360 423 1402 Hoc
450 1369 593 1402 autem
622 1360 730 1401 mihi
755 1359 941 1400 maxime
968 1372 1219 1414 persuasum
1248 1356 1398 1406 habeO,
1429 1371 1528 1397 eum
1554 1356 1746 1397 laborem

83 1430 356 1470 Danaideum
391 1436 553 1470 tentare
589 1429 661 1485 qui
695 1427 906 1469 Naturam
944 1426 988 1467 in
1024 1426 1206 1467 externis
1246 1424 1559 1466 immutabilem
1599 1424 1747 1480 depre-

81 1497 266 1538 hendere
289 1497 477 1538 molitur.

172 1565 501 1620 Dispositionem
523 1563 810 1605 dichotomam
841 1562 1033 1603 omnium
1061 1560 1425 1603 naturalissimam
1457 1575 1557 1611 esse,
1585 1568 1626 1602 et
1653 1563 1747 1603 uni-

83 1649 176 1676 cam
201 1648 342 1674 veram
367 1634 505 1689 posuit
528 1632 730 1680 Friesius3
756 1647 806 1672 ex
827 1631 908 1672 hac
929 1631 1246 1686 quaternariam
1268 1629 1450 1670 derivari
1466 1629 1577 1685 apud
1601 1645 1748 1672 omnes

84 1708 265 1750 constat3
290 1702 495 1756 quinariae
517 1708 674 1750 autem,
693 1715 823 1755 quam
846 1699 1075 1741 vindicavit
1095 1699 1361 1740 acutissimus
1379 1698 1591 1754 Macleay,
1607 1713 1750 1740 neces-

85 1770 184 1810 sitas
216 1770 357 1810 minus
390 1770 612 1810 manifesta
643 1777 718 1818 est,
751 1769 976 1809 existentIa
1006 1769 1091 1809 imo
1121 1767 1211 1823 ejus
1236 1766 1310 1807 diu
1335 1781 1403 1807 me
1429 1767 1590 1822 effugit.
1666 1767 1749 1808 Fa-

85 1837 261 1879 tendum
284 1845 426 1878 autem
443 1847 519 1888 est,
535 1838 660 1879 series
681 1836 938 1877 affinitatum
954 1851 1059 1892 quas
1080 1837 1124 1876 in
1146 1842 1370 1891 systemate
1392 1842 1534 1876 nostro
1560 1836 1751 1878 maxime

86 1913 184 1946 sunt
205 1906 436 1956 naturales,
460 1907 610 1962 saepius
631 1906 674 1946 in
695 1905 888 1946 ordinem
910 1904 1172 1959 quinarium,
1195 1918 1264 1944 me
1286 1904 1434 1954 invito,
1458 1903 1669 1945 collocari.

175 1973 367 2014 Circulos
395 1975 530 2030 magis
558 1974 753 2014 minusve
775 1972 938 2014 clausos
958 1987 1079 2013 veras
1101 1971 1325 2012 affinitates
1347 1971 1592 2026 plantarum
1614 1973 1752 2028 expri-

89 2056 218 2091 mere,
252 2049 300 2082 ut
332 2042 436 2082 bene
469 2043 660 2097 exposuit
684 2041 879 2091 Friesius,
910 2041 1138 2097 saepissime
1171 2040 1329 2090 inveni,
1362 2055 1440 2081 nec
1472 2040 1618 2081 dubito
1648 2041 1755 2096 quin

89 2124 235 2151 revera
252 2110 305 2151 sit
321 2110 411 2151 haec
427 2110 496 2151 lex
518 2110 734 2151 affinitatis
755 2110 863 2166 lapis
883 2109 1037 2166 lydius.
1102 2108 1392 2149 Nihilominus
1412 2109 1557 2149 circuli
1580 2109 1755 2164 plurimi

90 2177 245 2219 adsunt
275 2178 416 2219 adhuc
446 2179 812 2233 imperfectissimi,
845 2193 1027 2233 quorum
1061 2178 1167 2218 forte
1197 2177 1372 2232 quidam
1401 2191 1566 2232 semper
1595 2178 1755 2219 incom-

90 2246 192 2301 pleti
206 2247 328 2296 erint,
345 2262 395 2287 ex
418 2247 509 2301 ipsa
529 2261 670 2287 rerum
693 2254 864 2295 natura;
885 2246 973 2297 alii,
990 2253 1030 2287 et
1043 2246 1233 2286 maxima
1249 2261 1360 2301 pars,
1376 2260 1473 2286 mox
1490 2245 1753 2300 perficiendi,

91 2322 139 2355 ut
171 2315 431 2370 experientia
462 2314 711 2369 quotidiana
744 2315 899 2356 docuit.
964 2314 1161 2355 Studium
1198 2315 1251 2355 sit
1287 2314 1591 2355 Botanicorun’l
1625 2313 1760 2354 saltus

92 2381 183 2433 hos,
208 2383 273 2423 vel
295 2383 328 2423 si
350 2384 486 2424 mavis
510 2384 663 2434 hiatus,
687 2384 818 2438 perite
849 2383 1036 2438 replere;
1076 2383 1133 2424 sic
1163 2383 1275 2423 enim
1298 2383 1461 2423 labores
1483 2382 1525 2422 in
1548 2389 1757 2437 punctum

92 2451 268 2491 unicum
300 2450 448 2492 directi
484 2451 537 2492 ad
568 2452 750 2492 scientiae
786 2451 1087 2507 perfectionem
1121 2452 1391 2507 pertinebunt
1410 2468 1418 2501 ;
1453 2451 1511 2491 sic
1545 2465 1642 2491 vera
1673 2464 1757 2491 sec-

93 2518 259 2559 tionum
283 2518 483 2574 dignitas,
506 2521 564 2560 sic
585 2535 695 2560 verae
722 2520 901 2560 nixuum
921 2520 1145 2561 relationes
1166 2520 1384 2575 patefactae
1409 2518 1532 2570 erint,
1560 2526 1601 2560 et
1620 2518 1758 2574 Regni

96 2584 356 2641 Vegetabilis
379 2586 571 2643 &ystema
592 2602 748 2628 nomen
770 2587 985 2629 AVaCzcrale
998 2587 1097 2644 jure
1117 2588 1194 2629 sibi
1217 2587 1461 2628 vindicabit.
